@article{1,
  title={Email mining: tasks, common techniques, and tools},
  author={Tang, Guanting and Pei, Jian and Luk, Wo-Shun},
  journal={Knowledge and Information Systems},
  volume={41},
  number={1},
  pages={1--31},
  year={2014},
  publisher={Springer}
}

@inproceedings{2,
  title={Visualization and analysis of email networks},
  author={Fu, Xiaoyan and Hong, Seok-Hee and Nikolov, Nikola S and Shen, Xiaobin and Wu, Yingxin and Xuk, Kai},
  booktitle={Visualization, 2007. APVIS'07. 2007 6th International Asia-Pacific Symposium on},
  pages={1--8},
  year={2007},
  organization={IEEE}
}

@article{3,
  title={Communication networks from the Enron email corpus “It's always about the people. Enron is no different”},
  author={Diesner, Jana and Frantz, Terrill L and Carley, Kathleen M},
  journal={Computational \& Mathematical Organization Theory},
  volume={11},
  number={3},
  pages={201--228},
  year={2005},
  publisher={Springer}
}

@article{4,
  title={Graph theoretic and spectral analysis of Enron email data},
  author={Chapanond, Anurat and Krishnamoorthy, Mukkai S and Yener, B{\"u}lent},
  journal={Computational \& Mathematical Organization Theory},
  volume={11},
  number={3},
  pages={265--281},
  year={2005},
  publisher={Springer}
}

@misc{5,
  title = {{TeamNET} Data},
  howpublished = {\url{http://inflex.cz:8075/TeamNETdata}},
  note = {2017-09-30}
}

@book{6,
  title={Social network analysis for ego-nets: Social network analysis for actor-centred networks},
  author={Crossley, Nick and Bellotti, Elisa and Edwards, Gemma and Everett, Martin G and Koskinen, Johan and Tranmer, Mark},
  year={2015},
  publisher={Sage}
}

@article{7,
  title={{\'U}vod do Teorie graf{\uu}},
  author={Kov{\'a}{\v{r}}, Petr},
  journal={Vysok{\'a} {\v{s}}kola b{\'a}{\v{n}}sk{\'a}. Technick{\'a} univerzita. Ostrava},
  year={2012}
}

@article{8,
  title={The structure and function of complex networks},
  author={Newman, Mark EJ},
  journal={SIAM review},
  volume={45},
  number={2},
  pages={167--256},
  year={2003},
  publisher={SIAM}
}

@article{9,
  title={SSRM: structural social role mining for dynamic social networks},
  author={Abnar, Afra and Takaffoli, Mansoureh and Rabbany, Reihaneh and Za{\"\i}ane, Osmar R},
  journal={Social Network Analysis and Mining},
  volume={5},
  number={1},
  pages={56},
  year={2015},
  publisher={Springer}
}

@inproceedings{10,
  title={Email conversation network analysis: Work groups and teams in organizations},
  author={Zehnalova, Sarka and Horak, Zdenek and Kudelka, Milos},
  booktitle={Advances in Social Networks Analysis and Mining (ASONAM), 2015 IEEE/ACM International Conference on},
  pages={1262--1268},
  year={2015},
  organization={IEEE}
}

@misc{11,
  title = {{Active Record vs. Repository pattern} Repository pattern},
  howpublished = {\url{https://www.rarous.net/weblog/271-active-record-vs-repository-pattern.aspx}},
  note = {2017-09-30}
}

@article{12,
  title={Fast unfolding of communities in large networks},
  author={Blondel, Vincent D and Guillaume, Jean-Loup and Lambiotte, Renaud and Lefebvre, Etienne},
  journal={Journal of statistical mechanics: theory and experiment},
  volume={2008},
  number={10},
  pages={P10008},
  year={2008},
  publisher={IOP Publishing}
}

@misc{13,
  title = {Do Millennial and Gen Z Consumers Still Use Email?},
  howpublished = {\url{https://www.bluecore.com/blog/do-millennials-use-email/}},
  note = {2017-09-30}
}

@misc{14,
  title = {vis.js},
  howpublished = {\url{http://visjs.org/}},
  note = {2017-09-30}
}

@article{15,
  title={Structures of mediation: A formal approach to brokerage in transaction networks},
  author={Gould, Roger V and Fernandez, Roberto M},
  journal={Sociological methodology},
  pages={89--126},
  year={1989},
  publisher={JSTOR}
}

@article{16,
  title={Brokerage},
  author={Stovel, Katherine and Shaw, Lynette},
  journal={Annual Review of Sociology},
  volume={38},
  pages={139--158},
  year={2012},
  publisher={Annual Reviews}
}

@article{17,
  title={Brokerage behavior in restricted exchange networks},
  author={Marsden, Peter V},
  journal={Social structure and network analysis},
  volume={7},
  number={4},
  pages={341--410},
  year={1982},
  publisher={Sage Beverly Hills, CA}
}

@book{18,
  title={Structural holes: The social structure of competition},
  author={Burt, Ronald S},
  year={2009},
  publisher={Harvard university press}
}

@article{19,
  title={Extended structures of mediation: Re-examining brokerage in dynamic networks},
  author={Spiro, Emma S and Acton, Ryan M and Butts, Carter T},
  journal={Social Networks},
  volume={35},
  number={1},
  pages={130--143},
  year={2013},
  publisher={Elsevier}
}

@article{20,
  title={Brokering the research--practice gap: A typology},
  author={Neal, Jennifer Watling and Neal, Zachary P and Kornbluh, Mariah and Mills, Kristen J and Lawlor, Jennifer A},
  journal={American journal of community psychology},
  volume={56},
  number={3-4},
  pages={422--435},
  year={2015},
  publisher={Wiley Online Library}
}

@article{22,
  title={Introduction to ego network analysis},
  author={DeJordy, Rich and Halgin, Dan},
  journal={Boston MA: Boston College and the Winston Center for Leadership \& Ethics},
  year={2008}
}

