@BOOK{Češka1994,
  title = {Petriho {S}ítě},
  publisher = {Akademické nakladatelství CERM Brno},
  year = {1994},
  author = {Milan ČEŠKA},
  abstract = {Učebnice Petriho sítí. Obsahuje definici PS, rozebírá
    základní problémy analýzy PS, invarianty, jazyky PS. Nezabývá se
    stochastickými, barvenými PS, ani dalšími rozšířeními. Končí
    u PT Petriho sítí s inhibitory.},
  isbn = {80-85867-35-4},
  owner = {David Martinek},
}

@MISC{simlib,
  author = {Petr PERINGER},
  title = {{SIMLIB/C++}},
  howpublished = {[online]},
  year = {Naposledy navštíveno 31. 3. 2005},
  url = {http://www.fit.vutbr.cz/~peringer/SIMLIB/},
}